
@article{Wilkinson_2016,
	doi = {10.1038/sdata.2016.18},
	url = {https://doi.org/10.1038%2Fsdata.2016.18},
	year = 2016,
	month = {mar},
	publisher = {Springer Science and Business Media {LLC}},
	volume = {3},
	number = {1},
	author = {Mark D. Wilkinson and Michel Dumontier and IJsbrand Jan Aalbersberg and Gabrielle Appleton and Myles Axton and Arie Baak and Niklas Blomberg and Jan-Willem Boiten and Luiz Bonino da Silva Santos and Philip E. Bourne and Jildau Bouwman and Anthony J. Brookes and Tim Clark and Merc{\`{e}} Crosas and Ingrid Dillo and Olivier Dumon and Scott Edmunds and Chris T. Evelo and Richard Finkers and Alejandra Gonzalez-Beltran and Alasdair J.G. Gray and Paul Groth and Carole Goble and Jeffrey S. Grethe and Jaap Heringa and Peter A.C 't Hoen and Rob Hooft and Tobias Kuhn and Ruben Kok and Joost Kok and Scott J. Lusher and Maryann E. Martone and Albert Mons and Abel L. Packer and Bengt Persson and Philippe Rocca-Serra and Marco Roos and Rene van Schaik and Susanna-Assunta Sansone and Erik Schultes and Thierry Sengstag and Ted Slater and George Strawn and Morris A. Swertz and Mark Thompson and Johan van der Lei and Erik van Mulligen and Jan Velterop and Andra Waagmeester and Peter Wittenburg and Katherine Wolstencroft and Jun Zhao and Barend Mons},
	title = {The {FAIR} Guiding Principles for scientific data management and stewardship},
	journal = {Scientific Data}
}
@article{Vision_2010,
	doi = {10.1525/bio.2010.60.5.2},
	url = {https://doi.org/10.1525%2Fbio.2010.60.5.2},
	year = 2010,
	month = {may},
	publisher = {Oxford University Press ({OUP})},
	volume = {60},
	number = {5},
	pages = {330--331},
	author = {Todd J. Vision},
	title = {Open Data and the Social Contract of Scientific Publishing},
	journal = {{BioScience}}
}
@article{Page_2015,
	doi = {10.1093/biosci/biv104},
	url = {https://doi.org/10.1093%2Fbiosci%2Fbiv104},
	year = 2015,
	month = {aug},
	publisher = {Oxford University Press ({OUP})},
	volume = {65},
	number = {9},
	pages = {841--842},
	author = {Lawrence M. Page and Bruce J. MacFadden and Jose A. Fortes and Pamela S. Soltis and Greg Riccardi},
	title = {Digitization of Biodiversity Collections Reveals Biggest Data on Biodiversity},
	journal = {{BioScience}}
}
@article{G_ntsch_2017,
	doi = {10.1093/database/bax003},
	url = {https://doi.org/10.1093%2Fdatabase%2Fbax003},
	year = 2017,
	month = {jan},
	publisher = {Oxford University Press ({OUP})},
	volume = {2017},
	author = {Anton Güntsch and Roger Hyam and Gregor Hagedorn and Simon Chagnoux and Dominik Röpert and Ana Casino and Gabi Droege and Falko Glöckler and Karsten Gödderz and Quentin Groom and Jana Hoffmann and Ayco Holleman and Mat{\'{u}}{\v{s}} Kempa and Hanna Koivula and Karol Marhold and Nicky Nicolson and Vincent S. Smith and Dagmar Triebel},
	title = {Actionable, long-term stable and semantic web compatible identifiers for access to biological collection objects},
	journal = {Database}
}
@article{Bearman_1995,
	doi = {10.17723/aarc.58.4.pq71240520j31798},
	url = {https://doi.org/10.17723%2Faarc.58.4.pq71240520j31798},
	year = 1995,
	month = {sep},
	publisher = {Society of American Archivists},
	volume = {58},
	number = {4},
	pages = {380--413},
	author = {David Bearman},
	title = {Archival Strategies},
	journal = {The American Archivist}
}
@article{Hortal_2015,
	doi = {10.1146/annurev-ecolsys-112414-054400},
	url = {https://doi.org/10.1146%2Fannurev-ecolsys-112414-054400},
	year = 2015,
	month = {dec},
	publisher = {Annual Reviews},
	volume = {46},
	number = {1},
	pages = {523--549},
	author = {Joaqu{\'{\i}}n Hortal and Francesco de Bello and Jos{\'{e}} Alexandre F. Diniz-Filho and Thomas M. Lewinsohn and Jorge M. Lobo and Richard J. Ladle},
	title = {Seven Shortfalls that Beset Large-Scale Knowledge of Biodiversity},
	journal = {Annual Review of Ecology, Evolution, and Systematics}
}
@article{Costello_2013,
	doi = {10.1371/journal.pone.0051629},
	url = {https://doi.org/10.1371%2Fjournal.pone.0051629},
	year = 2013,
	month = {jan},
	publisher = {Public Library of Science ({PLoS})},
	volume = {8},
	number = {1},
	pages = {e51629},
	author = {Mark J. Costello and Philippe Bouchet and Geoff Boxshall and Kristian Fauchald and Dennis Gordon and Bert W. Hoeksema and Gary C. B. Poore and Rob W. M. van Soest and Sabine Stöhr and T. Chad Walter and Bart Vanhoorne and Wim Decock and Ward Appeltans},
	editor = {Howard Browman},
	title = {Global Coordination and Standardisation in Marine Biodiversity through the World Register of Marine Species ({WoRMS}) and Related Databases},
	journal = {{PLoS} {ONE}}
}
@article{Robertson_2014,
	doi = {10.1371/journal.pone.0102623},
	url = {https://doi.org/10.1371%2Fjournal.pone.0102623},
	year = 2014,
	month = {aug},
	publisher = {Public Library of Science ({PLoS})},
	volume = {9},
	number = {8},
	pages = {e102623},
	author = {Tim Robertson and Markus Döring and Robert Guralnick and David Bloom and John Wieczorek and Kyle Braak and Javier Otegui and Laura Russell and Peter Desmet},
	editor = {Damon P. Little},
	title = {The {GBIF} Integrated Publishing Toolkit: Facilitating the Efficient Publishing of Biodiversity Data on the Internet},
	journal = {{PLoS} {ONE}}
}
@article{Klein_2014,
	doi = {10.1371/journal.pone.0115253},
	url = {https://doi.org/10.1371%2Fjournal.pone.0115253},
	year = 2014,
	month = {dec},
	publisher = {Public Library of Science ({PLoS})},
	volume = {9},
	number = {12},
	pages = {e115253},
	author = {Martin Klein and Herbert Van de Sompel and Robert Sanderson and Harihar Shankar and Lyudmila Balakireva and Ke Zhou and Richard Tobin},
	editor = {Judit Bar-Ilan},
	title = {Scholarly Context Not Found: One in Five Articles Suffers from Reference Rot},
	journal = {{PLoS} {ONE}}
}
@article{Weissberg_2008,
	doi = {10.1007/s12109-008-9093-8},
	url = {https://doi.org/10.1007%2Fs12109-008-9093-8},
	year = 2008,
	month = {nov},
	publisher = {Springer Science and Business Media {LLC}},
	volume = {24},
	number = {4},
	pages = {255--260},
	author = {Andy Weissberg},
	title = {The Identification of Digital Book Content},
	journal = {Publishing Research Quarterly}
}
@book{Davis_1996,
	url = {http://search.ebscohost.com/login.aspx?direct=true&AuthType=ip,uid&db=nlebk&AN=18394&site=eds-live},
	year = 1996,
	publisher = {Vol. 2nd ed. Reference Sources in Science and Technology. Englewood, Colo: Libraries Unlimited.},
	author = {Elisabeth B. Davis and Diane Schmidt},
	title = {Guide to Information Sources in the Botanical Sciences}
}
@book{Elton_1927,
	doi = {10.5962/bhl.title.7435},
	url = {https://doi.org/10.5962%2Fbhl.title.7435},
	year = 1927,
	publisher = {Macmillan Co.},
	author = {Charles S. Elton},
	title = {Animal ecology}
}
@book{Garfield_1964,
	url = {https://apps.dtic.mil/docs/citations/AD0466578},
	year = 1964,
	publisher = {Institute for Scientific Information Inc Philadelphia PA},
	author = {Eugene Garfield and Irving H Sher and Richard J Torpie},
	title = {The Use of Citation Data in Writing the History of Science}
}
@article{Paskin_1999,
	doi = {10.1109/5.771073},
	url = {https://doi.org/10.1109%2F5.771073},
	year = 1999,
	month = {jul},
	publisher = {Institute of Electrical and Electronics Engineers ({IEEE})},
	volume = {87},
	number = {7},
	pages = {1208--1227},
	author = {N. Paskin},
	title = {Toward unique identifiers},
	journal = {Proceedings of the {IEEE}}
}
@article{Edwards_2000,
	doi = {10.1126/science.289.5488.2312},
	url = {https://doi.org/10.1126%2Fscience.289.5488.2312},
	year = 2000,
	month = {sep},
	publisher = {American Association for the Advancement of Science ({AAAS})},
	volume = {289},
	number = {5488},
	pages = {2312--2314},
	author = {J. L. Edwards},
	title = {Interoperability of Biodiversity Databases: Biodiversity Information on Every Desktop},
	journal = {Science}
}
@article{Wieczorek_2012,
	doi = {10.1371/journal.pone.0029715},
	url = {https://doi.org/10.1371%2Fjournal.pone.0029715},
	year = 2012,
	month = {jan},
	publisher = {Public Library of Science ({PLoS})},
	volume = {7},
	number = {1},
	pages = {e29715},
	author = {John Wieczorek and David Bloom and Robert Guralnick and Stan Blum and Markus Döring and Renato Giovanni and Tim Robertson and David Vieglais},
	editor = {Indra Neil Sarkar},
	title = {Darwin Core: An Evolving Community-Developed Biodiversity Data Standard},
	journal = {{PLoS} {ONE}}
}
@incollection{Dougherty_2018,
	doi = {10.1007/978-3-319-99435-2_2},
	url = {https://doi.org/10.1007%2F978-3-319-99435-2_2},
	year = 2018,
	publisher = {Springer International Publishing},
	pages = {19--57},
	author = {M. V. Dougherty},
	title = {Defining the Scholarly Record},
	booktitle = {Research Ethics Forum}
}
@misc{Trask_2015,
  author = {Ben Trask},
  title = {Principles of Content Addressing},
  year = 2015,
  howpublished = {\seqsplit{https://bentrask.com/?q=hash://sha256/98493caa8b37eaa26343bbf73f232597a3ccda20498563327a4c3713821df892}},
  note = {Accessed: 2019-12-04}
}
@techreport{rfc791,
	author = {Jon Postel},
	title = {Internet Protocol},
	howpublished = {Internet Requests for Comments},
	type = {STD},
	number = {5},
	year = {1981},
	month = {September},
	issn = {2070-1721},
	publisher = {RFC Editor},
	institution = {RFC Editor},
	url = {http://www.rfc-editor.org/rfc/rfc791.txt},
	note = {\url{http://www.rfc-editor.org/rfc/rfc791.txt}. Accessed: 2020-02-03}
}
@techreport{rfc1738,
	author = {Tim Berners-Lee and Larry Masinter and Mark McCahill},
	title = {Uniform Resource Locators (URL)},
	howpublished = {Internet Requests for Comments},
	type = {RFC},
	number = {1738},
	year = {1994},
	month = {December},
	issn = {2070-1721},
	publisher = {RFC Editor},
	institution = {RFC Editor},
	url = {http://www.rfc-editor.org/rfc/rfc1738.txt},
	note = {\url{http://www.rfc-editor.org/rfc/rfc1738.txt}. Accessed: 2020-02-03}
}
@techreport{rfc3986,
	author = {Tim Berners-Lee and Roy T. Fielding and Larry Masinter},
	title = {Uniform Resource Identifier (URI): Generic Syntax},
	howpublished = {Internet Requests for Comments},
	type = {STD},
	number = {66},
	year = {2005},
	month = {January},
	issn = {2070-1721},
	publisher = {RFC Editor},
	institution = {RFC Editor},
	url = {http://www.rfc-editor.org/rfc/rfc3986.txt},
	note = {\url{http://www.rfc-editor.org/rfc/rfc3986.txt}. Accessed: 2020-02-03}
}
@article{Michener_2011,
	doi = {10.1045/january2011-michener},
	url = {https://doi.org/10.1045%2Fjanuary2011-michener},
	year = 2011,
	month = {jan},
	publisher = {{CNRI} Acct},
	volume = {17},
	number = {1/2},
	author = {William Michener and Dave Vieglais and Todd Vision and John Kunze and Patricia Cruse and Greg Jan{\'{e}}e},
	title = {{DataONE}: Data Observation Network for Earth: Preserving Data and Enabling Innovation in the Biological and Environmental Sciences},
	journal = {D-Lib Magazine}
}
@article{Rinaldo_2009,
	doi = {10.1038/npre.2009.3620.1},
	url = {https://doi.org/10.1038%2Fnpre.2009.3620.1},
	year = 2009,
	month = {aug},
	publisher = {Springer Science and Business Media {LLC}},
	author = {Constance Rinaldo and Catherine Norton},
	title = {{BHL}, The Biodiversity Heritage Library: An Expanding International Collaboration},
	journal = {Nature Precedings}
}
@misc{poelen_jorrit_h_2019_3483218,
  author       = {Poelen, Jorrit H.},
  title        = {[dataset] A biodiversity dataset graph: {DataONE}. \seqsplit{hash://sha256/87de0898919d2212977a586965e930ae45bdd1366073591c808c208a635e2814}},
  month        = oct,
  year         = 2019,
  publisher    = {Zenodo},
  version      = {0.0.3},
  doi          = {10.5281/zenodo.3483218},
  url          = {https://doi.org/10.5281/zenodo.3483218}
}
@misc{poelen_jorrit_h_2019_3484555,
  author       = {Poelen, Jorrit H.},
  title        = {[dataset] A biodiversity dataset graph: {BHL}. \seqsplit{hash://sha256/67cc329e74fd669945f503917fbb942784915ab7810ddc41105a82ebe6af5482}},
  month        = oct,
  year         = 2019,
  publisher    = {Zenodo},
  version      = {0.0.2},
  doi          = {10.5281/zenodo.3484555},
  url          = {https://doi.org/10.5281/zenodo.3484555}
}
@misc{poelen_jorrit_h_2019_3484205,
  author       = {Poelen, Jorrit H.},
  title        = {[dataset] A biodiversity dataset graph: {GBIF}, {iDigBio}, {BioCASe}. \seqsplit{hash://sha256/d79fb9207329a2813b60713cf0968fda10721d576dcb7a36038faf18027eebc1}},
  month        = oct,
  year         = 2019,
  publisher    = {Zenodo},
  version      = {0.0.2},
  doi          = {10.5281/zenodo.3484205},
  url          = {https://doi.org/10.5281/zenodo.3484205}
}
@misc{poelen_jorrit_h_2019_archive_org,
  author       = {Poelen, Jorrit H.},
  title        = {{[dataset] Biodiversity Dataset Archive}. \seqsplit{hash://sha256/d79fb9207329a2813b60713cf0968fda10721d576dcb7a36038faf18027eebc1}},
  month        = oct,
  year         = 2019,
  publisher    = {Internet Archive},
  howpublished = {\url{https://archive.org/details/biodiversity-dataset-archives}},

  note = {Accessed: 2019-12-04}
}
@misc{poelen_jorrit_h_2019_archive_org_bhl,
  author       = {Poelen, Jorrit H.},
  title        = {{[dataset] A biodiversity dataset graph: Biodiversity Heritage Library (BHL)}},
  month        = jun,
  year         = 2019,
  publisher    = {Internet Archive},
  howpublished = {\url{https://archive.org/details/preston-bhl}},
  note = {Accessed: 2019-12-04}
}
@misc{poelen_jorrit_h_2019_archive_org_dataone,
  author       = {Poelen, Jorrit H.},
  title        = {[dataset] A biodiversity dataset graph: {DataONE}. \seqsplit{hash://sha256/87de0898919d2212977a586965e930ae45bdd1366073591c808c208a635e2814}},
  month        = jul,
  year         = 2019,
  publisher    = {Internet Archive},
  howpublished = {\url{https://archive.org/details/preston-dataone}},
  note = {Accessed: 2019-12-04}
}
@misc{jorrit_poelen_2018_1410543,
  author       = {Jorrit Poelen and Michael Elliott and Icaro Alzuru and Parth Patel},
  title        = {Preston: a biodiversity dataset tracker},
  month        = sep,
  year         = 2018,
  publisher    = {Zenodo},
  doi          = {10.5281/zenodo.1410543},
  url          = {https://doi.org/10.5281/zenodo.1410543}
}
@misc{Poelen_2019,
  title={To connect is to preserve: on frugal data integration and preservation solutions},
  DOI={10.17605/OSF.IO/A2V8G},
  publisher={OSF},
  author={Jorrit H. Poelen},
  year={2019},
  month={Jun}
}
@incollection{Paskin_2009,
	doi = {10.1081/e-elis3-120044418},
	url = {https://doi.org/10.1081%2Fe-elis3-120044418},
	year = 2009,
	month = {dec},
	publisher = {{CRC} Press},
	pages = {1586--1592},
	author = {Norman Paskin},
	title = {Digital Object Identifier ({DOI}{\textregistered}) System},
	booktitle = {Encyclopedia of Library and Information Sciences, Third Edition}
}

@techreport{DOI_2018,
  title={DOI Handbook},
  doi={10.1000/182},
  howpublished={\url{https://doi.org/10.1000/182}},
  institution={{International DOI Foundation}},
  author={{ [IDF] International DOI Foundation}},
  year={2018},
  note={Accessed: 2019-12-04}
}

@misc{SHA2_2001,
  title={Descriptions of SHA-256, SHA-384, and SHA-512},
  howpublished = {\url{https://web.archive.org/web/20130526224224/http://csrc.nist.gov/groups/STM/cavp/documents/shs/sha256-384-512.pdf}},
  author={{[NIST] National Institute for Standards and Technology}},
  shortauthor={NIST},
  year={2001},
  note={Accessed: 2019-12-04}
}

@misc{gbif_2019,
  title={{GBIF} Citation Guidelines},
  howpublished={\url{https://www.gbif.org/citation-guidelines}},
  publisher={{GBIF}},
  author={{[GBIF] Global Biodiversity Information Facility}},
  shortauthor={GBIF},
  year={2019},
  note={Accessed: 2019-12-04}
}

@misc{gbif_org_2019,
  title={What is the {GBIF}?},
  author={{[GBIF] Global Biodiversity Information Facility}},
  shortauthor={GBIF},
  howpublished={\url{https://www.gbif.org/what-is-gbif}},
  year={2019},
  note={Accessed: 2019-12-04}
}

@misc{idigbio_2016,
  title={{iDigBio} Citation Guidelines},
  howpublished={\url{https://www.idigbio.org/content/idigbio-terms-use-policy}},
  author={{[iDigBio] Integrated Digitized Biocollections}},
  shortauthor={iDigBio},
  year={2016},
  note={Accessed: 2019-12-04}
}

@misc{dataone_2012,
  title={{DataONE} Citation Guidelines},
  howpublished={\url{https://www.dataone.org/citing-dataone}},
  author={{[DataONE] Data Observation Network for Earth}},
  shortauthor={DataONE},
  year={2012},
  note={Accessed: 2019-12-04}
}

@misc{zenodo_2019,
  title={General Policies},
  howpublished={\url{https://about.zenodo.org/policies/}},
  author={{Zenodo}},
  year={2019},
  note={Accessed: 2019-12-04}
}

@misc{archive_2019,
  title={Uploading - A Basic Guide},
  howpublished={\url{https://help.archive.org/hc/en-us/articles/360002360111-Uploading-A-Basic-Guide}},
  author={{Internet Archive}},
  year={2019},
  note={Accessed: 2019-12-04}
}


@techreport{rfc1034,
	author = {P. Mockapetris},
	title = {Domain names - concepts and facilities},
	howpublished = {Internet Requests for Comments},
	type = {STD},
	number = {13},
	year = {1987},
	month = {November},
	issn = {2070-1721},
	publisher = {RFC Editor},
	institution = {RFC Editor},
	url = {http://www.rfc-editor.org/rfc/rfc1034.txt},
	note = {\url{http://www.rfc-editor.org/rfc/rfc1034.txt}. Accessed: 2020-02-03}
}

@misc{matsunaga2013integrated,
  title={Integrated Digitized Biocollections ({iDigBio}) Cyberinfrastructure Status and Futures},
  author={Matsunaga, Andr{\'e}a and Figueiredo, Renato and Thompson, Alex and Traub, Gregory and Beaman, Reed and Fortes, Jos{\'e} AB},
  booktitle={TDWG 2013 ANNUAL CONFERENCE},
  year={2013}
}

@article{Kuhn_2015,
	doi = {10.1109/tkde.2015.2419657},
	url = {https://doi.org/10.1109%2Ftkde.2015.2419657},
	year = 2015,
	month = {sep},
	publisher = {Institute of Electrical and Electronics Engineers ({IEEE})},
	volume = {27},
	number = {9},
	pages = {2390--2400},
	author = {Tobias Kuhn and Michel Dumontier},
	title = {Making Digital Artifacts on the Web Verifiable and Reliable},
	journal = {{IEEE} Transactions on Knowledge and Data Engineering}
}

@article{Pasquier_2017,
	doi = {10.1038/sdata.2017.114},
	url = {https://doi.org/10.1038%2Fsdata.2017.114},
	year = 2017,
	month = {sep},
	publisher = {Springer Science and Business Media {LLC}},
	volume = {4},
	number = {1},
	author = {Thomas Pasquier and Matthew K. Lau and Ana Trisovic and Emery R. Boose and Ben Couturier and Merc{\`{e}} Crosas and Aaron M. Ellison and Valerie Gibson and Chris R. Jones and Margo Seltzer},
	title = {If these data could talk},
	journal = {Scientific Data}
}

@article{Altman_2007,
	url = {https://ssrn.com/abstract=1081955},
	author={Micah Altman and Gary King},
	title = {A Proposed Standard for the Scholarly Citation of Quantitative Data},
	journal={D-Lib Magazine},
	volume = {13},
	number = {3},
	year={2007},
	month={mar}
}